%% This BibTeX bibliography file was created using BibDesk.
%% https://bibdesk.sourceforge.io/

%% Created for Suhas Dwarkanath at 2018-09-28 15:47:54 -0700 


%% Saved with string encoding Unicode (UTF-8) 



@article{zoo,
	Author = {Gudrun Gorlitz, Anja Schmidt},
	Date-Added = {2018-09-28 22:41:26 +0000},
	Date-Modified = {2018-09-28 22:42:14 +0000},
	Journal = {World Conference on E-Learning in Corporate Government Healthcare and Higher Education 2008},
	Pages = {841-846},
	Title = {Digital Signage: Informal Learning in Animal Parks and Zoos},
	Volume = {pp. 841-846},
	Year = {2008}}

@article{norman,
	Author = {Donald A. Norman},
	Date-Added = {2018-09-27 20:26:05 +0000},
	Date-Modified = {2018-09-27 20:27:40 +0000},
	Journal = {House of Electronics Industry},
	Pages = {44-79},
	Title = {Emotional Design},
	Urldate = {2005},
	Year = {2005}}

@url{firebase,
	Author = {Google Firebase},
	Date-Added = {2018-09-26 20:07:59 +0000},
	Date-Modified = {2018-09-26 20:12:03 +0000},
	Keywords = {database, schema, JSON},
	Title = {https://firebase.google.com/docs/},
	Urldate = {2018}}

@url{rest,
	Author = {Wikipedia},
	Date-Added = {2018-09-26 19:16:23 +0000},
	Date-Modified = {2018-09-26 20:30:13 +0000},
	Title = {Representational state transfer (REST) - https://en.wikipedia.org/wiki/}}

@article{vision,
	Author = {Davide Mulfari, Antonio Celesti, Maria Fazio, Massimo Villari and Antonio Puliafito},
	Date-Added = {2018-09-25 21:59:57 +0000},
	Date-Modified = {2018-09-25 22:00:49 +0000},
	Journal = {IEEE Workshop on ICT solutions for eHealth 2016},
	Title = {Using Google Cloud Vision in Assistive Technology Scenarios},
	Year = {2016}}

@inproceedings{one,
	Author = {T. Ogi and K. Ito and S. Konita},
	Booktitle = {2016 19th International Conference on Network-Based Information Systems (NBiS)},
	Date-Modified = {2018-09-21 15:40:29 +0000},
	Doi = {10.1109/NBiS.2016.57},
	Issn = {2157-0426},
	Keywords = {Bluetooth;linguistics;natural languages;smart phones;multilingual digital signage;iBeacon communication;information provision;native language;language information acquisition;smart phone;university campus;Smart phones;Servers;Games;Prototypes;Legged locomotion;Universal Serial Bus;multilingual information;digital signage;iBeacon;smart phone},
	Month = {Sept},
	Pages = {387-392},
	Title = {Multilingual Digital Signage Using iBeacon Communication},
	Year = {2016},
	Bdsk-Url-1 = {https://doi.org/10.1109/NBiS.2016.57}}

@inproceedings{india,
	Author = {P. Salunkhe and S. Bhaskaran and J. Amudha and D. Gupta},
	Booktitle = {2017 International Conference on Advances in Computing, Communications and Informatics (ICACCI)},
	Date-Modified = {2018-09-22 20:06:05 +0000},
	Doi = {10.1109/ICACCI.2017.8125968},
	Keywords = {natural language processing;natural scenes;text analysis;text detection;signage boards;text detection approach;SWT;letter candidates;tourism industry;local transport;natural scenes;local public places;multilingual text system;curvy letters;Indian languages;user test dataset;stroke width transform;multilingual text recognition;Image edge detection;Text recognition;Algorithm design and analysis;Transforms;Image color analysis;Erbium;Text detection;SWT;Connected components;Union find algorithm},
	Month = {Sept},
	Pages = {977-982},
	Title = {Recognition of multilingual text from signage boards},
	Year = {2017},
	Bdsk-Url-1 = {https://doi.org/10.1109/ICACCI.2017.8125968}}

@inproceedings{distance,
	Author = {S. Rajkiran and C. Balakrishnan},
	Booktitle = {2015 2nd International Conference on Electronics and Communication Systems (ICECS)},
	Date-Modified = {2018-09-22 20:44:55 +0000},
	Doi = {10.1109/ECS.2015.7124822},
	Keywords = {atmospheric pressure;Bluetooth;RSSI;smart phones;RSSI estimation;Bluetooth;smart phones;on-time communication;proximity estimation;received signal strength indicator values;atmospheric pressure;light sensor data;cloud server technology;Bluetooth;Estimation;Smart phones;Accuracy;Global Positioning System;Wireless communication;Radio Signal Strength;Indicator;lightSensor;On Time proximity estimation},
	Month = {Feb},
	Pages = {1431-1434},
	Title = {RSSI estimation using Bluetooth in smart phones},
	Year = {2015},
	Bdsk-Url-1 = {https://doi.org/10.1109/ECS.2015.7124822}}

@inproceedings{ocr,
	Author = {S. Sonth and J. S. Kallimani},
	Booktitle = {2017 International Conference on Electrical, Electronics, Communication, Computer, and Optimization Techniques (ICEECCOT)},
	Date-Modified = {2018-09-22 21:02:06 +0000},
	Doi = {10.1109/ICEECCOT.2017.8284628},
	Keywords = {cameras;document image processing;feature extraction;handicapped aids;image denoising;image segmentation;microcomputers;optical character recognition;speech synthesis;Text-to-Speech synthesis module;camera module;printed text;complete Text Read-out system;OCR based facilitator;Optical Character Recognition;smart book reader;Image processing algorithms;Raspberry Pi;camera based framework;portable text reader;Pico;Google Tesseract;feature extraction;segmentation;deskewing;denoising;binarization;preprocessing stage;Optical character recognition software;Cameras;Character recognition;Image segmentation;Optical imaging;Engines;Speech;Optical Character Recognition (OCR);Image Processing;Text-to-Speech (TTS);Raspberry Pi;Text Extraction;English Text;Hindi Text;Assistive-text;Blind persons;OTSU Threshold;Tesseract OCR Engine},
	Month = {Dec},
	Pages = {1-7},
	Title = {OCR based facilitator for the visually challenged},
	Year = {2017},
	Bdsk-Url-1 = {https://doi.org/10.1109/ICEECCOT.2017.8284628}}

@inproceedings{taiwan,
	Author = {Y. Jeng and M. Hong and H. Lu},
	Booktitle = {2017 6th IIAI International Congress on Advanced Applied Informatics (IIAI-AAI)},
	Date-Modified = {2018-09-22 21:33:37 +0000},
	Doi = {10.1109/IIAI-AAI.2017.108},
	Keywords = {computer aided instruction;linguistics;mobile learning;teaching;Chinese environment;Situated Learning Theory;context-aware interact;iBeacon microlocation technology;situated language teaching;English language learning;Mobile Situated Learning Application;Taiwan tourists;internationalization;Speech;Grammar;Bluetooth;Context-aware services;Vocabulary;Standards;Mobile handsets;Situated Learning Theory (SLT);Context-aware;iBeacon},
	Month = {July},
	Pages = {715-718},
	Title = {The Development of the Mobile Situated Learning Application Based on Microlocation Technology},
	Year = {2017},
	Bdsk-Url-1 = {https://doi.org/10.1109/IIAI-AAI.2017.108}}

@inproceedings{indoor,
	Author = {X. Li and D. Xu and X. Wang and R. Muhammad},
	Booktitle = {2016 International Conference on Audio, Language and Image Processing (ICALIP)},
	Date-Modified = {2018-09-24 19:26:57 +0000},
	Doi = {10.1109/ICALIP.2016.7846648},
	Keywords = {Bluetooth;indoor navigation;indoor radio;Kalman filters;nonlinear filters;radio direction-finding;IOS;Android systems;Bluetooth Low Energy technology;mobile-based indoor location system;unscented Kalman filter method;Gaussian filter;iBeacon;indoor positioning system;mobile terminal;complex indoor environment;Bluetooth;Mobile communication;Real-time systems;Kalman filters;Databases;IEEE 802.11 Standard;Wireless communication;Indoor positioning;iBeacon;Unscented Kalman filter;Euclidean distance},
	Month = {July},
	Pages = {126-130},
	Title = {Design and implementation of indoor positioning system based on iBeacon},
	Year = {2016},
	Bdsk-Url-1 = {https://doi.org/10.1109/ICALIP.2016.7846648}}

@inproceedings{hci,
	Author = {Xiangqian Fu},
	Booktitle = {2010 IEEE 11th International Conference on Computer-Aided Industrial Design Conceptual Design 1},
	Date-Modified = {2018-09-27 16:25:24 +0000},
	Doi = {10.1109/CAIDCD.2010.5681254},
	Keywords = {human computer interaction;mobile radio;software engineering;telecommunication computing;user interfaces;mobile phone UI design;human-machine interaction design;Software;UI design;Interaction Design;Mobile Theme},
	Month = {Nov},
	Pages = {697-701},
	Title = {Mobile phone UI design principles in the design of human-machine interaction design},
	Volume = {1},
	Year = {2010},
	Bdsk-Url-1 = {https://doi.org/10.1109/CAIDCD.2010.5681254}}

@inproceedings{5681254,
	Author = {Xiangqian Fu},
	Booktitle = {2010 IEEE 11th International Conference on Computer-Aided Industrial Design Conceptual Design 1},
	Doi = {10.1109/CAIDCD.2010.5681254},
	Keywords = {human computer interaction;mobile radio;software engineering;telecommunication computing;user interfaces;mobile phone UI design;human-machine interaction design;Software;UI design;Interaction Design;Mobile Theme},
	Month = {Nov},
	Pages = {697-701},
	Title = {Mobile phone UI design principles in the design of human-machine interaction design},
	Volume = {1},
	Year = {2010},
	Bdsk-Url-1 = {https://doi.org/10.1109/CAIDCD.2010.5681254}}

@inproceedings{uid,
	Author = {M. Seraj and Chui Yin Wong},
	Booktitle = {2012 International Conference on Computer Information Science (ICCIS)},
	Doi = {10.1109/ICCISci.2012.6297174},
	Keywords = {computer aided instruction;computer science education;design engineering;graph theory;mobile computing;operating systems (computers);touch sensitive screens;user interfaces;user interface design principles;mobile learning prototype development;UID principles;mobile device;small screen interfaces;ARCS learning design strategy;mobile-based learning application;Adobe Flash CSS;Dijkstra shortest path algorithm;touch-screen iPhone 4;iPhone operating system;iOS;computer science undergraduate students;Prototypes;Computers;small screen interface;user interface design principles and requirements;mobile devices;mobile learning prototype;Dijkstra's shortest path algorithm},
	Month = {June},
	Pages = {1014-1019},
	Title = {A study of User Interface Design principles and requirements for developing a Mobile learning prototype},
	Volume = {2},
	Year = {2012},
	Bdsk-Url-1 = {https://doi.org/10.1109/ICCISci.2012.6297174}}

@inproceedings{room,
	Author = {Yang Yang and Zhouchi Li and K. Pahlavan},
	Booktitle = {2016 IEEE International Multi-Disciplinary Conference on Cognitive Methods in Situation Awareness and Decision Support (CogSIMA)},
	Date-Modified = {2018-09-28 22:47:54 +0000},
	Doi = {10.1109/COGSIMA.2016.7497808},
	Issn = {2379-1675},
	Keywords = {Bluetooth;telecommunication security;iBeacon;intelligent in-room presence detection;proximity estimation;Bluetooth low energy;BLE technology;line-of-sight;LOS;obstructed-line-of-sight;OLOS;path-loss readings;in-and-out counting;security system;Servers;Radiation detectors;Market research;Estimation;Bluetooth;System performance},
	Month = {March},
	Pages = {187-191},
	Title = {Using iBeacon for intelligent in-room presence detection},
	Year = {2016},
	Bdsk-Url-1 = {https://doi.org/10.1109/COGSIMA.2016.7497808}}
	
	
@INPROCEEDINGS{beacons, 
author={Z. He and B. Cui and W. Zhou and S. Yokoi}, 
booktitle={2015 10th International Conference on Computer Science Education (ICCSE)}, 
title={A proposal of interaction system between visitor and collection in museum hall by iBeacon}, 
year={2015}, 
volume={}, 
number={}, 
pages={427-430}, 
keywords={Bluetooth;mobile computing;museums;smart phones;museum hall;visitor-collection interaction system;door positioning system;Apple;Bluetooth low energy technology;BLE technology;smart devices;iPhone;Android phone;advertising signal detection;low energy consumption tiny devices;interaction system;iBeacon technology;Advertising;History;Bluetooth;Energy consumption;Standards;Smart phones;iBeacon;indoor positioning;Museum;interaction system design}, 
doi={10.1109/ICCSE.2015.7250283}, 
ISSN={}, 
month={July},}
